@book{Lyu,
 editor = {Lyu, Michael R.},
 title = {{Handbook of Software Reliability Engineering}},
 year = {1996},
 isbn = {0-07-039400-8},
 publisher = {McGraw-Hill, Inc.},
 address = {Hightstown, NJ, USA},
}

@inproceedings{Zhou, 
author={Y. Q. Zhou and N. W. Lin}, 
booktitle={Innovations in Bio-Inspired Computing and Applications (IBICA), 2012 Third International Conference on}, 
title={{A Study on Optimizing Execution Time and Code Size in Iterative Compilation}}, 
year={2012}, 
pages={104-109}, 
keywords={genetic algorithms;iterative methods;optimising compilers;power aware computing;search problems;NSGA-II;compilation time;compiler optimization;computing resources;iterative compilation;memory space;multiobjective code size optimization;multiobjective execution time optimization;multiobjective genetic algorithm;performance metrics;power consumption;program compilers;program optimization options;random search algorithm;Benchmark testing;Genetic algorithms;Measurement;Pareto optimization;Sociology;code size;execution time;iterative compilation;multi-objective optimization;non-dominated sorting genetic algorithm}, 
doi={10.1109/IBICA.2012.46}, 
month={Sept},
}

@book{Jones1993,
 author = {Jones, Neil D. and Gomard, Carsten K. and Sestoft, Peter},
 title = {{Partial Evaluation and Automatic Program Generation}},
 year = {1993},
 isbn = {0-13-020249-5},
 publisher = {Prentice-Hall, Inc.},
 address = {Upper Saddle River, NJ, USA},
} 

@article{Somani,
 author = {Somani, Arun K. and Vaidya, Nitin H.},
 title = {{Understanding Fault Tolerance and Reliability}},
 journal = {Computer},
 issue_date = {April 1997},
 volume = {30},
 number = {4},
 month = apr,
 year = {1997},
 issn = {0018-9162},
 pages = {45--50},
 numpages = {6},
 url = {http://dx.doi.org/10.1109/MC.1997.585153},
 doi = {10.1109/MC.1997.585153},
 acmid = {620681},
 publisher = {IEEE Computer Society Press},
 address = {Los Alamitos, CA, USA},
} 

@online{Fujita,
  author = {Fujita, S.},
  title = {{Partial evaluation with LLVM}},
  year = {2008},
  url = {http://llvm.org/devmtg/2008-08-23/llvm\_partial.pdf},
  urldate = {2016-02-20},
}

@inproceedings{LLFI,
 author = {Lu, Qining and Farahani, Mostafa and Wei, Jiesheng and Thomas, Anna and Pattabiraman, Karthik},
 title = {{LLFI: An Intermediate Code-Level Fault Injection Tool for Hardware Faults}},
 booktitle = {Software Quality, Reliability and Security (QRS), 2015 IEEE International Conference on},
 series = {QRS '15},
 year = {2015},
 isbn = {978-1-4673-7988-5},
 location = {Vancouver, BC, Canada},
 pages = {11--16},
 numpages = {6},
 doi = {10.1109/QRS.2015.13},
 publisher = {IEEE},
 keywords = {software fault tolerance, error resilient applications, fault injection techniques, fine-grained manner, hardware errors, hardware faults, intermediate code-level fault injection tool, intermediate representation level, software based error resilience techniques, software-based techniques},
}

@MISC{V2005,
    author = {Vipindeep V and Pankaj Jalote},
    title = {List of Common Bugs and Programming Practices to avoid them},
    year = {2005}
}

@article{Parboil,
  title={{Parboil: A Revised Benchmark Suite for Scientific and Commercial Throughput Computing}},
  author={Stratton, John A and Rodrigues, Christopher and Sung, I-Jui and Obeid, Nady and Chang, Li-Wen and Anssari, Nasser and Liu, Geng Daniel and Hwu, Wen-mei W},
  journal={Center for Reliable and High-Performance Computing},
  volume={127},
  year={2012}
}

@misc{SPEC,
  title = {{SPEC, SPEC CPU2000 and CPU2006}},
  url = {http://www.spec.org/},
}

@article{Futamura,
 author = {Futamura, Yoshihiko},
 title = {{Partial Evaluation of Computation Process - An Approach to a Compiler-Compiler}},
 journal = {Higher Order Symbol. Comput.},
 issue_date = {December 1999},
 volume = {12},
 number = {4},
 month = dec,
 year = {1999},
 issn = {1388-3690},
 pages = {381--391},
 numpages = {11},
 url = {http://dx.doi.org/10.1023/A:1010095604496},
 doi = {10.1023/A:1010095604496},
 acmid = {609205},
 publisher = {Kluwer Academic Publishers},
 address = {Hingham, MA, USA},
 keywords = {Futamura projections, compiler, interpreter, partial evaluation, program transformation},
} 

@article{Smowton,
  title={{I/O Optimisation and elimination via partial evaluation}},
  author={Smowton, Christopher S.F.},
  year={2014}
}

@inproceedings{Debois,
 author = {Debois, S{\o}ren},
 title = {{Imperative Program Optimization by Partial Evaluation}},
 booktitle = {Proceedings of the 2004 ACM SIGPLAN Symposium on Partial Evaluation and Semantics-based Program Manipulation},
 series = {PEPM '04},
 year = {2004},
 isbn = {1-58113-835-0},
 location = {Verona, Italy},
 pages = {113--122},
 numpages = {10},
 url = {http://doi.acm.org/10.1145/1014007.1014019},
 doi = {10.1145/1014007.1014019},
 acmid = {1014019},
 publisher = {ACM},
 address = {New York, NY, USA},
 keywords = {bisimulation, code duplication, loop-invariant code motion, strength reduction},
}

@article{Jones1996,
 author = {Jones, Neil D.},
 title = {An Introduction to Partial Evaluation},
 journal = {ACM Comput. Surv.},
 issue_date = {Sept. 1996},
 volume = {28},
 number = {3},
 month = sep,
 year = {1996},
 issn = {0360-0300},
 pages = {480--503},
 numpages = {24},
 url = {http://doi.acm.org/10.1145/243439.243447},
 doi = {10.1145/243439.243447},
 acmid = {243447},
 publisher = {ACM},
 address = {New York, NY, USA},
 keywords = {compiler generators, compilers, interpreters, partial evaluation, program specialization},
} 
